@misc{web-wiki-grafika,
      author = "",
      title = "",
      month = "Luty",
      year = "2014",
      url = "http://pl.wikipedia.org/wiki/Karta_graficzna"
}













@misc{website:fermentas-lambda,
      author = "Fermentas Inc.",
      title = "Phage Lambda: description \& restriction map",
      month = "November",
      year = "2008",
      url = "http://www.fermentas.com/techinfo/nucleicacids/maplambda.htm"
}


@MISC{przyklad,
	AUTHOR       = "",
	TITLE        = "http://www.tex.ac.uk/cgi-bin/texfaq2html?label=multirow",
	HOWPUBLISHED = "",
	MONTH        = "",
	YEAR         = "",
	NOTE         = ""
}
@MISC{przyklad2,
	AUTHOR       = "",
	TITLE        = "http://www.texample.net/tikz/examples/computer-science-mindmap/",
	HOWPUBLISHED = "",
	MONTH        = "",
	YEAR         = "",
	NOTE         = ""
}

@MISC{przyklad3,
	AUTHOR       = "",
	TITLE        = "http://www.ctan.org/",
	HOWPUBLISHED = "",
	MONTH        = "",
	YEAR         = "",
	NOTE         = ""
}

@Article{lshort,
author = "T. Oetiker, H. Partl i inni",
title = "Nie za krótkie wprowadzenie do systemu {\LaTeX}"}

@Article{grafika,
author = "Wojciech Myszka",
title = "Włączanie grafik do tekstów w {\LaTeX}"}

@Article{e-do-pi,
author = "R. Kostecki",
title = "W miarê krótki i praktyczny kurs {\LaTeX} w {$\pi^{e}$} minut",
}

@MISC{gust,
	AUTHOR       = "",
	TITLE        = "Forum GUST",
	HOWPUBLISHED = "",
	MONTH        = "",
	YEAR         = "",
	NOTE         = "http://www.gust.org.pl/"
}

@MISC{pgfman,
	AUTHOR       = "",
	TITLE        = "Wykresy - {TikZ \& PGF Manual for Version 2.00}",
	HOWPUBLISHED = "",
	MONTH        = "",
	YEAR         = "",
	NOTE         = ""
}
