@MISC{misc_1,
title = {Lucidchart},
author = {Lucid Software Inc.},
howpublished = "\url{https://www.lucidchart.com/pages/decision-tree}",
year = {stan z 25.11.2019 r.} 
}

@BOOK{book_1,
author = {Aurélien Géron},
title = "{Uczenie maszynowe z użyciem Scikit-Learn i TensorFlow}",
publisher = {Helion S.A.},
year  = {2018}
}

@BOOK{book_2,
author = {Prateek Joshi},
title = "{Artificial Intelligence with Python}",
publisher = {Packt Publishing},
year  = {2017}
}

@INPROCEEDINGS{inproceedings_1, 
author={Inny, B.}, 
booktitle={Tytuł książki}, 
title={Tytu³ publikacji}, 
year={2011}, 
month={Feb}, 
pages={5-32},}
